<record><leader>00000cas a22000007a 4500</leader><controlfield tag="001">13732123</controlfield><controlfield tag="008">860614d18931897iauwr ne      0    0eng d</controlfield><datafield ind1=" " ind2=" " tag="010"><subfield code="a">sn 86060111 </subfield></datafield><datafield ind1=" " ind2=" " tag="040"><subfield code="a">INP</subfield><subfield code="b">eng</subfield><subfield code="c">INP</subfield><subfield code="d">OCLCQ</subfield></datafield><datafield ind1=" " ind2=" " tag="042"><subfield code="a">msc</subfield></datafield><datafield ind1="0" ind2=" " tag="130"><subfield code="a">Enterprise (Eldora, Iowa)</subfield></datafield><datafield ind1="1" ind2="4" tag="245"><subfield code="a">The enterprise.</subfield></datafield><datafield ind1="3" ind2="0" tag="246"><subfield code="a">Eldora daily and weekly enterprise</subfield><subfield code="f">Sept. 3, 1897</subfield></datafield><datafield ind1=" " ind2=" " tag="260"><subfield code="a">Eldora, Iowa :</subfield><subfield code="b">T.O. Walker,</subfield><subfield code="c">-1897.</subfield></datafield><datafield ind1=" " ind2=" " tag="300"><subfield code="a">v. :</subfield><subfield code="b">ill.</subfield></datafield><datafield ind1=" " ind2=" " tag="310"><subfield code="a">Weekly</subfield></datafield><datafield ind1="0" ind2=" " tag="362"><subfield code="a">-[v. 30, no. 11] (Sept. 3, 1897).</subfield></datafield><datafield ind1="1" ind2=" " tag="362"><subfield code="a">Began in 1893.</subfield><subfield code="z">Cf. Bibl. of Iowa newspapers.</subfield></datafield><datafield ind1=" " ind2=" " tag="500"><subfield code="a">Publisher varies.</subfield></datafield><datafield ind1=" " ind2=" " tag="515"><subfield code="a">Published as: Eldora daily and weekly enterprise, Sept. 3, 1897.</subfield></datafield><datafield ind1=" " ind2=" " tag="515"><subfield code="a">Issues for &lt;Mar. 27&gt;-Sept. 3, 1897, called &lt;v. 24, no. 40&gt;-v. 25, no. 11 but constitute &lt;v. 29, no. 36&gt;-v. 30, no. 11.</subfield></datafield><datafield ind1=" " ind2=" " tag="525"><subfield code="a">Includes occasional supplements.</subfield></datafield><datafield ind1=" " ind2=" " tag="588"><subfield code="a">Description based on: Vol. 25, no. 52 (June 16, 1893).</subfield></datafield><datafield ind1=" " ind2=" " tag="752"><subfield code="a">United States</subfield><subfield code="b">Iowa</subfield><subfield code="c">Hardin</subfield><subfield code="d">Eldora.</subfield></datafield><datafield ind1="0" ind2="0" tag="780"><subfield code="t">Ackley enterprise</subfield><subfield code="w">(DLC)sn 84037925</subfield></datafield><datafield ind1="0" ind2="0" tag="785"><subfield code="t">Eldora enterprise</subfield><subfield code="w">(DLC)sn 86060110</subfield></datafield></record>